<?xml version="1.0" encoding="UTF-8"?><collection xmlns="http://www.loc.gov/MARC21/slim"><record><leader>00313nam--2200121-i-4500</leader><controlfield tag="001">000000317</controlfield><controlfield tag="002">20161230</controlfield><controlfield tag="005">20161230201024</controlfield><controlfield tag="008">060222s1000------------r-----000-0-eng-d</controlfield><datafield ind1=" " ind2=" " tag="100"><subfield code="a">Frost, B.R.T. And Waldron, M.B</subfield></datafield><datafield ind1=" " ind2=" " tag="245"><subfield code="a">Nuclear reactor materials</subfield></datafield><datafield ind1=" " ind2=" " tag="260"><subfield code="a">London, Temple Press Ltd. Vii + 79 P</subfield></datafield><datafield ind1=" " ind2=" " tag="852"><subfield code="a">14847</subfield></datafield></record></collection>